101 01150012020234472491608220939G094101CITIZENS BANK          RBS CFG BT Paymode X           
5200                FF3               US2023447249IATPAYMENT   USDUSD160822   1011500120000001
6272112880770008             000010000045454545                               1011500120245788
710BUS000000000000100000                      Vedor for Debit Testing. USD in Can      0245788
711Olya Debit testing                 dPXKEKye, 7KEArpWa                               0245788
712Presque Isle*OH\                   US*04769\                                        0245788
713KATAHDIN FEDERAL CREDIT UN         01211288077                         US           0245788
714CITIBANK CANADA                    01026011242                         CA           0245788
715               ukwrjuBK, bGIbhLcw                                                   0245788
716Presque Isle*PA\                   US*04769\                                        0245788
717TRN*60245788\                                                                   00010245788
820000000900211288070000001000000000000000002023447249                         011500120000001
5200                FF3               US2023447249IATPAYMENT   USDUSD160822   1011500120000002
6271031123580008             0000050000222233333444                           1011500120245789
710BUS000000000000050000                      Vedor for Debit Testing. USD in Can      0245789
711Olya Debit testing                 dPXKEKye, 7KEArpWa                               0245789
712Presque Isle*OH\                   US*04769\                                        0245789
713WILBURTON STATE BANK               01103112358                         US           0245789
714CITIBANK CANADA                    01026011242                         CA           0245789
715               ukwrjuBK, bGIbhLcw                                                   0245789
716Presque Isle*PA\                   US*04769\                                        0245789
717TRN*346782\                                                                     00010245789
6271031123580008             0000060000222233333444                           1011500120245790
710BUS000000000000060000                      Vendor for Debit testing. USD in US      0245790
711Olya Debit testing                 dPXKEKye, 7KEArpWa                               0245790
712Presque Isle*OH\                   US*04769\                                        0245790
713WILBURTON STATE BANK               01103112358                         US           0245790
714EBSCO FEDERAL CU                   01262088051                         US           0245790
715               5BFXO4Pp, gZy3etUq                                                   0245790
716Presque Isle*AS\                   US*04769\                                        0245790
717TRN*346783\                                                                     00010245790
6271031123580008             0000070000222233333444                           1011500120245791
710BUS000000000000070000                      Vendor for Debit Testing. CAD in Ca      0245791
711Olya Debit testing                 dPXKEKye, 7KEArpWa                               0245791
712Presque Isle*OH\                   US*04769\                                        0245791
713WILBURTON STATE BANK               01103112358                         US           0245791
714DUCA FINANCIAL SERVICES Cr. Un. LTD01082821962                         CA           0245791
715               KKEW9AH8, hOPMZmn8                                                   0245791
716Presque Isle*MN\                   US*04769\                                        0245791
717TRN*346784\                                                                     00010245791
6271031123580008             0000080000222233333444                           1011500120245792
710BUS000000000000080000                      Vendor for Debit testing. USD with       0245792
711Olya Debit testing                 dPXKEKye, 7KEArpWa                               0245792
712Presque Isle*OH\                   US*04769\                                        0245792
713WILBURTON STATE BANK               01103112358                         US           0245792
714SUDBURY CREDIT UNION LIMITED       01082860582                         CA           0245792
715               WaEAm84D, VSwnow0y                                                   0245792
716Presque Isle*MN\                   US*04769\                                        0245792
717TRN*346785\                                                                     00010245792
820000003600412449400000002600000000000000002023447249                         011500120000002
5200Paymode-X       INTERNAL TRANSFER   2023447249CCDPAYMENT   160822160822   1011500120000003
62202600257423540632306655   000025200060245793       BT PAYMODE-X            0011500120245793
820000000100026002570000000000000000002520002023447249                         011500120000003
5200Paymode-X       INTERNAL TRANSFER   2023447249CCDPAYMENT   160822160822   1011500120000004
6220115001203434433457       000007200060245794       BT PAYMODE-X            0011500120245794
820000000100011500120000000000000000000720002023447249                         011500120000004
5200Paymode-X       FEE TRANSFER        2023447249CCDPAYMENT   160822160822   1011500120000005
6220115001203434433457       000003599660245799       BT PAYMODE-X            0011500120245799
820000000100011500120000000000000000000359962023447249                         011500120000005
5200Paymode-X       PTF REVENUE         1020433294CCDPAYMENT   160824160824   1011500120000006
6221211403998997749713       000001799860245795       BOTTOMLINE              0011500120245795
820000000100121140390000000000000000000179981020433294                         011500120000006
5200Paymode-X       PTF REVENUE         1020433294CCDPAYMENT   160825160825   1011500120000007
6221211403998997749713       000000999960245796       BOTTOMLINE              0011500120245796
820000000100121140390000000000000000000099991020433294                         011500120000007
5200Paymode-X       OPERATIONAL XFER    2023447249CCDPAYMENT   160824160824   1011500120000008
6221211403998997749713       000000000360245797       BT PAYMODE-X            0011500120245797
820000000100121140390000000000000000000000032023447249                         011500120000008
5200Paymode-X       OPERATIONAL XFER    2023447249CCDPAYMENT   160825160825   1011500120000009
6221211403998997749713       0000000001346784         BT PAYMODE-X            0011500120245798
820000000100121140390000000000000000000000012023447249                         011500120000009
9000009000008000000520115730184000000360000000000387997                                       
