101 342232222 3451309369006282015A094101TTY Services           WXY Bank                       
5225AM Club         DUES                1249999991PPDMONTH DUES0625909006261791345130930000001
62627111111331872-76548      00000600005130           Beth Connor           071345130930000001
799R01271111110000301      34513093                                            345130930000001
822500000200271111110000000600000000000000001249999991                         345130930000001
9000001000001000000020027111111000000060000000000000000                                       
