101 281073555 4719343191503061213A094101Pulaski Bank           Zipline Labs Inc.      #A000001
5220Zipline Labs Inc                    0471934319WEBZip TransfMar 9 150309   1281073550000000
622081000210123456789012345670000003521RAj##23920rjf31Glen Selle            A10281073550000000
6220810002105654221          0000002300RAj##32b1kn1bb3Melanie Gibson        A10281073550000001
6220810002105654221          0000002499RAj##32b1kn1bb3Roger Phlaster        A10281073550000002
6220810002105654221          0000001000RAj##32b1kn1bb3Mark Rather           A10281073550000003
822000000400324000840000000000000000000093200471934319                         281073550000000
5220Zipline Labs Inc                    0471934319WEBZip TransfMar 18150318   1281073550000001
6220810002105654221          0000017500RAj##32b1kn1bb3Luke Skywalker        A10281073550000004
822000000100081000210000000000000000000175000471934319                         281073550000001
5225Zipline Labs Inc                    0471934319PPDZip TransfMar 10150310   1281073550000002
627101000019923698412584     0000015000RAj##23920rjf31Tom Horner            A10281073550000005
822500000100101000010000000150000000000000000471934319                         281073550000002
9000003000002000000060050600106000000015000000000026820                                       