101 121140111 1211401111806291610Q094101FISERVPEPPLUS          BANK BANK BANK                 
5200COMPANY COM INC                     1814549111CORORDER           1806290001121141110000004
6210640001110223591111       0000000000               Some Description        1018180008223794
798C05121140390017915      0640000132                                          018180008223794
820000000200064000010000000000000000000000001814549111                         121140390000004
9000001000001000000020006400001000000000000000000000000                                       
