101 202881066 1300097831304092004B094101BANK OF ANY TOWN       YOUR COMPANY           00000000
5220YOUR COMPANY                        1657777777PPDAUTOPAY   161231161231   1202881060000001
622117466744202881066        0000134615S0272          BEN SCHENCK             0202881060000106
632487193527972028784        0000161538G0197          EVELYN GLASSER          0202881060000107
622774472838873414216        0000107692B1027          GEORGE BUSH             0202881060000108
622865414831172509012        0000200159S1245          WILLIAM SHATNER         0202881060000109
622103252959735633102        0000251136F0529          SAM FROMER              0202881060000110
822000000502347800870000000000000000008551401657777777                         202881060000001
9000001000001000000050234780087000000000000000000855140                                       