101 273222259 2711111139006291030A094101LOL Services           XYZ Trust                      
5225AM Club         DUES                1249999991PPDMONTH DUES0625909006261831271111110000001
62634513093631872-76548      0000060000000000000005130Beth Connor           071271111110000001
799R72271111110000301140503345130931793451309300000011790134513093000009917968 271111110000001
822500000200345130930000000600000000000000001249999991                         271111110000001
9000001000001000000020034513093000000060000000000000000                                       
