101 122287329 6910001340705312050F094101ABC CREDIT UNION       ABC APPLICATION SUPERVI        
5200ABC             USPS-070525-1805    1222873290PPDUSPS TRANS      0705301521091000010004352
626122287329130009783        0000089373               Emily Schenck           1091000012930258
799R0106300004000010100000024823818                                            091000012930258
626122287329823795428        0000480954               The Beatles             1091000012930258
799R0106300004000010200000073088833                                            091000012930258
626122287329456630883        0000006293               John Krazit             1091000012930258
799R0906300004000010300000020844164                                            091000012930258
626122287329657340609        0000008352               Debbie Glasser          1091000012930258
799R0206300004000010400000078087339                                            091000012930258
626122287329362060253        0000000393               Daniel Longest          1091000012930258
799R0206300004000010500000086084788                                            091000012930258
820000000200122287320000000056870000000000001222873290                         091000010012637
9000002000001000000040024457464000000019387000000000000                                       
