101 01150012010204332941603251711B094101CITIZENS BANK          BT PAYMODE-X                   
5200RBS PAYMODE-X   INTERNAL TRANSFER   2020433294CCDPAYMENT   130827130827   1011500120000001
62201150012021052506         009648936029599525       BT PAYMODE-X            0011500129599525
820000000100011500120000000000000000964893602020433294                         011500120000001
5200RBS PAYMODE-X   OPERATIONAL XFER    2020433294CCDPAYMENT   130827130827   1011500120000002
6221211403998997749713       000000594329599526       BT PAYMODE-X            0011500129599526
820000000100121140390000000000000000000059432020433294                         011500120000002
5200RBS PAYMODE-X   FEE TRANSFER        2020433294CCDPAYMENT   130827130827   1011500120000003
62201150012021052506         000001386829599527       BT PAYMODE-X            0011500129599527
820000000100011500120000000000000000000138682020433294                         011500120000003
5200cambhealth PMD                      1020433294CCDPAYMENT   130828130828   1011500120000004
6221210002488820470697       0023581100EP665031       Diversified.Remit       0011500129599528
820000000100121000240000000000000000235811001020433294                         011500120000004
9000004000002000000040026514087000000000000000120090271                                       