101 01100013840105322751710311519A094101BANK OF AMERICA NE ACH XXXXXXX                        
520001416 AARP      IPAY SOLUTIONS      9ZZZZZZZZZCIEBILL PMT  0725171710313041011000130000001
6210110001384602255644       0000000450GUIDA K        3322315494              1011000130000001
799R23017206014426352      01100013                                            011000130000001
6210110001384602255644       0000040051Ross K         0480107739              1011000130000002
799R23017206014426356      01100013                                            011000130000002
6210110001384602255644       0000006300NORDINE D      312031406               1011000130000003
799R22017206014426364      01100013                                            011000130000003
6210110001384602255644       0000003600FUTRAL L       301205554               1011000130000004
799R22017206014426369      01100013                                            011000130000004
820000000800044000520000000000000000000504019ZZZZZZZZZ                         011000130000001
520001416 AARP MEMBER              PEC6 0000511346CIEBILL PAYMT0725171710313041011000130000002
621011000138004602255644     0000001600MYLES S ROTHSTE046551340               1011000130000005
799R22017207006138380      01100013                                            011000130000005
820000000200011000130000000000000000000016000000511346                         011000130000002
520001416 AARP MembeCHASE ONLINE        9726683620CIEONLINE PMTJul 261710313041011000130000003
621011000138004602255644     0000006300ALEXANDER P SCO324012885               1011000130000006
799R22017207005973409      01100013                                            011000130000006
621011000138004602255644     0000003600MAUREEN G LOVEL303449392               1011000130000007
799R22017207005973417      01100013                                            011000130000007
621011000138004602255644     0000003600RICHARD C GABAL4257873620              1011000130000008
799R22017207005973419      01100013                                            011000130000008
621011000138004602255644     0000001600LUCIA WHEELE   321278043               1011000130000009
799R22017207005973430      01100013                                            011000130000009
820000000800044000520000000000000000000151009726683620                         011000130000003
520001416 AARPMEMBER                    8004243410CIECREDIT    1707251710313041011000130000004
621011000138004602255644     0000001600DEBRA A SUSIC  0000000000              1011000130000010
799R22017207006046471      01100013                                            011000130000010
820000000200011000130000000000000000000016008004243410                         011000130000004
520001546 USAA                          8005318111CIECREDIT    1707251710313041011000130000005
621011000138004602255644     0000001000SANDRA K CLOW  314074269-111181135     1011000130000011
799R22017207006046947      01100013                                            011000130000011
820000000200011000130000000000000000000010008005318111                         011000130000005
520002164 CITY MTN VIEW             TRAN8604860000CIEPAYMENT   0901061710313041011000130000006
621011000138004602255644     0000744711TEST USER 5    5410582217900323        1011000130000012
799R22020060381193960      01100013                                            011000130000012
621011000138004602255644     0000744711TEST USER 6    410583902068384         1011000130000013
799R22020060381193961      01100013                                            011000130000013
621011000138004602255644     0000744710TEST USER 1    5410580080008059        1011000130000014
799R22020060381193962      01100013                                            011000130000014
621011000138004602255644     0000744709TEST USER 2    5410581819002249        1011000130000015
799R22020060381193963      01100013                                            011000130000015
621011000138004602255644     0000744708TEST USER 3    5410581648004176        1011000130000016
799R22020060381193964      01100013                                            011000130000016
621011000138004602255644     0000296900TEST USER 5    5410582901008847        1011000130000017
799R22020060381193965      01100013                                            011000130000017
621011000138004602255644     0000744711TEST USER 7    5410581610029078        1011000130000018
799R22020060381193966      01100013                                            011000130000018
621011000138004602255644     0000744710TEST USER 8    5410583901246999        1011000130000019
799R22020060381193967      01100013                                            011000130000019
621011000138004602255644     0000744709TEST USER 9    5410583902786399        1011000130000020
799R22020060381193968      01100013                                            011000130000020
621011000138004602255644     0000744708TEST USER 12   5410583901553592        1011000130000021
799R22020060381193969      01100013                                            011000130000021
621011000138004602255644     0000068210TEST USER 11   5410581513001489        1011000130000022
799R22020060381193970      01100013                                            011000130000022
621011000138004602255644     0000068210TEST USER 4   5410581848026565         1011000130000023
799R22020060381193971      01100013                                            011000130000023
6210110001384602255644       0000001804DEPIES SHADY LA210018043333            1011000130000024
799R23020060381193938      01100013                                            011000130000024
820000002600143001690000000000000000071375118604860000                         011000130000006
520002474 SW GAS    IPAY SOLUTIONS      9ZZZZZZZZZCIEBILL PMT  0725171710313041011000130000007
6210110001384602255644       0000004657LLC P          4124285555003           1011000130000025
799R22017206014424940      01100013                                            011000130000025
820000000200011000130000000000000000000046579ZZZZZZZZZ                         011000130000007
520002474 SWGAS                         M391165550CIEBILL PAYMT1707261710313041011000130000008
621011000138004602255644     0000003935SOUNG RODNEY   6311116670032           1011000130000026
799R22017206014398095      01100013                                            011000130000026
82000000020001100013000000000000000000003935M391165550                         011000130000008
520007890 CTYFRESNO                     5596216888CIECREDIT    1707251710313041011000130000009
621011000138004602255644     0000023000LEON IRVIN     606475-127970           1011000130000027
799R23017207006062977      01100013                                            011000130000027
820000000200011000130000000000000000000230005596216888                         011000130000009
520010012 CSAA MEM                      9100125644CIECREDIT    1707251710313041011000130000010
621011000138004602255644     0000008000THE MILTON DARE4290057053352614        1011000130000028
799R23017207006063109      01100013                                            011000130000028
820000000200011000130000000000000000000080009100125644                         011000130000010
520010240 KITSAP TAX                TRAN0062099573CIEPAYMENT   0901061710313041011000130000011
6210110001384602255644       0000010359TEST USER ONE  1453-277-142-6264       1011000130000029
799R21020060381193931      01100013                                            011000130000029
6210110001384602255644       0000132732TEST USER TWO  145331-9-222-4184       1011000130000030
799R21020060381193932      01100013                                            011000130000030
6210110001384602255644       0000004200TEST USER 333  92053903761024          1011000130000031
799R21020060381193933      01100013                                            011000130000031
6210110001384602255644       0000000013TEST USER 444  92053903761024          1011000130000032
799R21020060381193934      01100013                                            011000130000032
6210110001384602255644       0000171434TEST USER FIVE 38370117                1011000130000033
799R21020060381193935      01100013                                            011000130000033
6210110001384602255644       0000148305TEST USER SIX J38370117                1011000130000034
799R21020060381193936      01100013                                            011000130000034
6210110001384602255644       0000262499TEST USER SEVEN2626-210-200-2843       1011000130000035
799R21020060381193937      01100013                                            011000130000035
6210110001384602255644       0000019946TEST USER EIGHT26262332348004          1011000130000036
799R21020060381193938      01100013                                            011000130000036
6210110001384602255644       0000512500TEST USER NINE 40674762                1011000130000037
799R21020060381193939      01100013                                            011000130000037
6210110001384602255644       0000036815TEST USER TEN  J0000950                1011000130000038
799R21020060381193940      01100013                                            011000130000038
6210110001384602255644       0000010359TEST USER ONE  1453-277-142-6264       1011000130000039
799R21020060381193931      01100013                                            011000130000039
6210110001384602255644       0000132732TEST USER TWO  145331-9-222-4184       1011000130000040
799R21020060381193932      01100013                                            011000130000040
6210110001384602255644       0000004200TEST USER 333  92053903761024          1011000130000041
799R21020060381193933      01100013                                            011000130000041
6210110001384602255644       0000000013TEST USER 444  92053903761024          1011000130000042
799R21020060381193934      01100013                                            011000130000042
6210110001384602255644       0000171434TEST USER FIVE 38370117                1011000130000043
799R21020060381193935      01100013                                            011000130000043
6210110001384602255644       0000148305TEST USER SIX J38370117                1011000130000044
799R21020060381193936      01100013                                            011000130000044
6210110001384602255644       0000262499TEST USER SEVEN2626-210-200-2843       1011000130000045
799R21020060381193937      01100013                                            011000130000045
6210110001384602255644       0000019946TEST USER EIGHT26262332348004          1011000130000046
799R21020060381193938      01100013                                            011000130000046
6210110001384602255644       0000512500TEST USER NINE 40674762                1011000130000047
799R21020060381193939      01100013                                            011000130000047
6210110001384602255644       0000036815TEST USER TEN  J0000950                1011000130000048
799R21020060381193940      01100013                                            011000130000048
6210110001384602255644       0000010359TEST USER ONE  1453-277-142-6264       1011000130000049
799R21020060381193931      01100013                                            011000130000049
6210110001384602255644       0000132732TEST USER TWO  145331-9-222-4184       1011000130000050
799R21020060381193932      01100013                                            011000130000050
6210110001384602255644       0000004200TEST USER 333  92053903761024          1011000130000051
799R21020060381193933      01100013                                            011000130000051
6210110001384602255644       0000000013TEST USER 444  92053903761024          1011000130000052
799R21020060381193934      01100013                                            011000130000052
6210110001384602255644       0000171434TEST USER FIVE 38370117                1011000130000053
799R21020060381193935      01100013                                            011000130000053
6210110001384602255644       0000148305TEST USER SIX J38370117                1011000130000054
799R21020060381193936      01100013                                            011000130000054
6210110001384602255644       0000262499TEST USER SEVEN2626-210-200-2843       1011000130000055
799R21020060381193937      01100013                                            011000130000055
6210110001384602255644       0000019946TEST USER EIGHT26262332348004          1011000130000056
799R21020060381193938      01100013                                            011000130000056
6210110001384602255644       0000512500TEST USER NINE 40674762                1011000130000057
799R21020060381193939      01100013                                            011000130000057
6210110001384602255644       0000036815TEST USER TEN  J0000950                1011000130000058
799R21020060381193940      01100013                                            011000130000058
820000006000330003900000000000000000038964090062099573                         011000130000011
520013060 NEWPORTWW                     9130605644CIECREDIT    1707251710313041011000130000012
621011000138004602255644     0000005000BAILEY, TERESA 77906503                1011000130000059
799R22017207006065440      01100013                                            011000130000059
621011000138004602255644     0000008361DESPRES, JOHN R78539901                1011000130000060
799R22017207006065441      01100013                                            011000130000060
621011000138004602255644     0000020000KELLEY A SANCHE88533804                1011000130000061
799R22017207006065442      01100013                                            011000130000061
820000000600033000390000000000000000000333619130605644                         011000130000012
520016561 REGENCE                       9165615644CIECREDIT    1707251710313041011000130000013
621011000138004602255644     0000017200SHANNON BRANNON110124335               1011000130000062
799R23017207006066400      01100013                                            011000130000062
621011000138004602255644     0000008998STRONG MAINTENAD000089IU               1011000130000063
799R23017207006066559      01100013                                            011000130000063
621011000138004602255644     0000009414LARSON, ROBERT D000226IU               1011000130000064
799R23017207006066560      01100013                                            011000130000064
621011000138004602255644     0000005566GRANT, JANET   W017839IO               1011000130000065
799R23017207006066561      01100013                                            011000130000065
820000000800044000520000000000000000000411789165615644                         011000130000013
520016561 REGENCE                       M391165550CIEBILL PAYMT1707261710313041011000130000014
621011000138004602255644     0000017490A.D.LIOU DDS,MS921258920               1011000130000066
799R23017206014401422      01100013                                            011000130000066
621011000138004602255644     0000067366JOHN L JONES JR160258446               1011000130000067
799R23017206014401439      01100013                                            011000130000067
621011000138004602255644     0000158704JI SANG        38005001                1011000130000068
799R23017206014401549      01100013                                            011000130000068
621011000138004602255644     0000080090TORGERSON SUSAN38005001                1011000130000069
799R23017206014401579      01100013                                            011000130000069
621011000138004602255644     0000010100JONES CONSTANCE26500002                1011000130000070
799R23017206014401593      01100013                                            011000130000070
621011000138004602255644     0000026568FIELDING DEVIN 39000102                1011000130000071
799R23017206014401630      01100013                                            011000130000071
621011000138004602255644     0000039225CRAFTSMAN HOME 30000109                1011000130000072
799R23017206014401636      01100013                                            011000130000072
82000000140007700091000000000000000000399543M391165550                         011000130000014
520016561 REGENCE   IPAY SOLUTIONS      9ZZZZZZZZZCIEBILL PMT  0725171710313041011000130000015
6210110001384602255644       0000024600Heinz C        98995414                1011000130000073
799R23017206014423947      01100013                                            011000130000073
6210110001384602255644       0000014299HAGERTY S      EP0010324               1011000130000074
799R23017206014423971      01100013                                            011000130000074
6210110001384602255644       0000055078HAYDEN VALLEY A170059987               1011000130000075
799R23017206014423994      01100013                                            011000130000075
820000000600033000390000000000000000000939779ZZZZZZZZZ                         011000130000015
520016561 The RegencCHASE ONLINE        9726683620CIEONLINE PMTJul 261710313041011000130000016
621011000138004602255644     0000072630KATHY C VARNEY ZLF160192795            1011000130000076
799R23017207005977598      01100013                                            011000130000076
621011000138004602255644     0000008000ERIN M WEIS    14431                   1011000130000077
799R23017207005977686      01100013                                            011000130000077
621011000138004602255644     0000008000RAFAEL CORONA  29804                   1011000130000078
799R23017207005977688      01100013                                            011000130000078
820000000600033000390000000000000000000886309726683620                         011000130000016
520028297 LACOUNTY                      M391165550CIEBILL PAYMT1707261710313041011000130000017
621011000138004602255644     0000006421TYNDALL ELIZABE041034430092682         1011000130000079
799R23017206014401964      01100013                                            011000130000079
82000000020001100013000000000000000000006421M391165550                         011000130000017
520028709 PREMERA                       9287095644CIECREDIT    1707251710313041011000130000018
621011000138004602255644     0000024325CHARLES W HADJI1160625                 1011000130000080
799R23017207006067563      01100013                                            011000130000080
621011000138004602255644     0000088389RANDOLPH FRITZ 3552270                 1011000130000081
799R23017207006067564      01100013                                            011000130000081
621011000138004602255644     0000076936MARY K LEWIS   2061168                 1011000130000082
799R23017207006067600      01100013                                            011000130000082
621011000138004602255644     0000064323VICKI MYLAN    2445782                 1011000130000083
799R23017207006067601      01100013                                            011000130000083
621011000138004602255644     0000048918JEFFI TIBBETTS 2493667                 1011000130000084
799R23017207006067602      01100013                                            011000130000084
621011000138004602255644     0000099417SHANON A OLSEN 516809                  1011000130000085
799R22017207006067606      01100013                                            011000130000085
820000001200066000780000000000000000004023089287095644                         011000130000018
520028709 PREMERA                       M391165550CIEBILL PAYMT1707261710313041011000130000019
621011000138004602255644     0000011862DELANO CHRIS   3567901                 1011000130000086
799R23017206014402020      01100013                                            011000130000086
82000000020001100013000000000000000000011862M391165550                         011000130000019
520028709 PREMERA BLUE             PEC6 0000524709CIEBILL PAYMT0725171710313041011000130000020
621011000138004602255644     0000004129EDWIN C SHARPE 101917082               1011000130000087
799R23017207006138510      01100013                                            011000130000087
621011000138004602255644     0000017629EDWIN C SHARPE 101917082               1011000130000088
799R23017207006138511      01100013                                            011000130000088
820000000400022000260000000000000000000217580000524709                         011000130000020
520028709 Premera BlCHASE ONLINE        9726683620CIEONLINE PMTJul 261710313041011000130000021
621011000138004602255644     0000056804JEAN A KURISU  3711302                 1011000130000089
799R23017207005978013      01100013                                            011000130000089
820000000200011000130000000000000000000568049726683620                         011000130000021
520033333 CITY MTN VIEW             TRAN8604860000CIEPAYMENT   0901061710313041011000130000022
6210110001384602255644       0000003333PAULINE HUIBREG210077083456            1011000130000090
799R21020060381193931      01100013                                            011000130000090
6210110001384602255644       0000003333WILLIAM SCHWOBE210066614333            1011000130000091
799R21020060381193932      01100013                                            011000130000091
6210110001384602255644       0000003333SCHAAL GARRY   210033243333            1011000130000092
799R21020060381193933      01100013                                            011000130000092
6210110001384602255644       0000003333NELSON M       210072714333            1011000130000093
799R21020060381193934      01100013                                            011000130000093
6210110001384602255644       0000003333DAVID J BRUNNER210024643333            1011000130000094
799R21020060381193935      01100013                                            011000130000094
6210110001384602255644       0000003333RYAN MOELLER   210111128333            1011000130000095
799R21020060381193936      01100013                                            011000130000095
6210110001384602255644       0000003333PATTON MARK    210028817333            1011000130000096
799R21020060381193937      01100013                                            011000130000096
6210110001384602255644       0000003333DEPIES SHADY LA210018043333            1011000130000097
799R21020060381193938      01100013                                            011000130000097
820000001600088001040000000000000000000266648604860000                         011000130000022
520036637 BCBS TEXASIPAY SOLUTIONS      9ZZZZZZZZZCIEBILL PMT  0725171710313041011000130000023
6210110001384602255644       0000057943Collier R      23534080200056          1011000130000098
799R22017206014426872      01100013                                            011000130000098
820000000200011000130000000000000000000579439ZZZZZZZZZ                         011000130000023
520036637 BCBSTX                        9366375644CIECREDIT    1707251710313041011000130000024
621011000138004602255644     0000022198EDWARDS RICHARD22801340305008          1011000130000099
799R22017207006068157      01100013                                            011000130000099
820000000200011000130000000000000000000221989366375644                         011000130000024
520038126 OCEANCTY                      M391165550CIEBILL PAYMT1707261710313041011000130000025
621011000138004602255644     0000016000BETKEY, JR, JR 6395-29098              1011000130000100
799R23017206014408396      01100013                                            011000130000100
82000000020001100013000000000000000000016000M391165550                         011000130000025
520038126 TOWNOFOC                      9381265644CIECREDIT    1707251710313041011000130000026
621011000138004602255644     0000016570JAMES E ROMERO 118759-74799            1011000130000101
799R23017207006068248      01100013                                            011000130000101
621011000138004602255644     0000020000GEORGIA N LIZAS3257-5270               1011000130000102
799R23017207006068257      01100013                                            011000130000102
621011000138004602255644     0000007727ANTHONY N RAMSD94649-64727             1011000130000103
799R23017207006068276      01100013                                            011000130000103
820000000600033000390000000000000000000442979381265644                         011000130000026
520038126 Town of OcCHASE ONLINE        9726683620CIEONLINE PMTJul 261710313041011000130000027
621011000138004602255644     0000003406ROBERT F ROSENB103-509                 1011000130000104
799R23017207005978177      01100013                                            011000130000104
820000000200011000130000000000000000000034069726683620                         011000130000027
520065675 BCBS1000                 PEC6 0000548250CIEBILL PAYMT0725171710313041011000130000028
621011000138004602255644     0000015300FRANCISCO J AGU08506243975             1011000130000105
799R22017207006138532      01100013                                            011000130000105
621011000138004602255644     0000014300COLLEEN M BYROM08506216280             1011000130000106
799R22017207006138533      01100013                                            011000130000106
820000000400022000260000000000000000000296000000548250                         011000130000028
520065675 BCBS1000  CHASE ONLINE        9726683620CIEONLINE PMTJul 261710313041011000130000029
621011000138004602255644     0000060000ROBERT R PORTER08506217910             1011000130000107
799R22017207005979668      01100013                                            011000130000107
820000000200011000130000000000000000000600009726683620                         011000130000029
520067925 FREDERICKC                    9679255644CIECREDIT    1707251710313041011000130000030
621011000138004602255644     0000011658TIMOTHY M MESZA72999353787             1011000130000108
799R22017207006070624      01100013                                            011000130000108
820000000200011000130000000000000000000116589679255644                         011000130000030
520068091 AAANCNU                       9680915644CIECREDIT    1707251710313041011000130000031
621011000138004602255644     0000004600THE ALBERT L VE4290051097478519        1011000130000109
799R23017207006070733      01100013                                            011000130000109
621011000138004602255644     0000005600ABLA TOTAH     4290052702430614        1011000130000110
799R23017207006070781      01100013                                            011000130000110
621011000138004602255644     0000014300LEEDHAM, MR. & 4290058027966614        1011000130000111
799R23017207006070879      01100013                                            011000130000111
820000000600033000390000000000000000000245009680915644                         011000130000031
520072819 MED CAL                       9728195644CIECREDIT    1707251710313041011000130000032
621011000138004602255644     0000002600QUICKPAY       033332457078            1011000130000112
799R22017207006074591      01100013                                            011000130000112
820000000200011000130000000000000000000026009728195644                         011000130000032
520072870 HEALTH CARE SERVICES CORPPEC6 0000560823CIEBILL PAYMT0725171710313041011000130000033
621011000138004602255644     0000002606MICHAEL MARTINE9278702760              1011000130000113
799R22017207006138660      01100013                                            011000130000113
621011000138004602255644     0000027720JONATHAN MAJERC8902111310              1011000130000114
799R22017207006138668      01100013                                            011000130000114
621011000138004602255644     0000015164RAUL MARTINEZ  9241612520              1011000130000115
799R22017207006138677      01100013                                            011000130000115
621011000138004602255644     0000000200FERMIN GARCIA  9212494572              1011000130000116
799R22017207006138707      01100013                                            011000130000116
820000000800044000520000000000000000000456900000560823                         011000130000033
5200UVA MEDICAL UPG IPAY SOLUTIONS      9ZZZZZZZZZCIEBILL PMT  0725171710313041011000130000034
6210110001384602255644       0000005000REXRODE C      1839316                 1011000130000117
799R21017206014428557      01100013                                            011000130000117
820000000200011000130000000000000000000050009ZZZZZZZZZ                         011000130000034
9000034000031000002340128701521000000000000000012648611                                       
